2125 2672
1085 123 1106 153 5

135 234 174 268 in
194 234 273 267 Am.
298 233 460 266 tractatis
483 232 657 265 sententia
683 232 796 264 fuerit.
845 231 968 264 Fusius
992 233 1133 274 quidem
1157 233 1311 273 disputat
1337 232 1473 270 Iac-011¹)
1500 240 1621 264 (entra
1646 242 1720 268 eos,
1754 233 1812 274 qui
1834 231 1870 263 L.
1895 232 2048 264 animum

2104 259 2125 280 ‘1

136 289 244 323 misse
273 288 378 321 nimis
407 287 630 320 libidinosum
661 295 705 318 ex
740 287 837 318 libris
871 287 945 320 eius
978 287 1121 320 efficere
1153 287 1343 323 voluerint:
1377 287 1540 328 quamvis
1570 288 1690 322 multa,
1724 297 1815 328 quac
1847 297 1868 319 a
1896 287 2051 319 moribus
2094 305 2125 352 st

137 343 246 376 castis
273 345 381 384 atque
409 341 556 382 integris
585 341 811 381 abhorreant,
845 342 977 383 passim
1007 341 1041 373 in
1072 341 1220 381 dialogis
1244 341 1399 381 deorum,
1430 341 1585 372 marinis.
1616 342 1822 373 meretriciis
1854 341 2051 381 legentibus

137 399 337 433 occurrant,
361 397 579 438 scriptorem,
605 404 683 427 cum
703 395 789 427 nihil
807 396 871 428 nisi
896 396 929 427 id
947 396 1069 435 egerit,
1096 399 1132 426 ut
1149 405 1208 427 eos
1227 395 1394 434 eluderet,
1419 395 1477 436 qui
1496 395 1579 427 deos
1603 395 1667 426 sibi
1694 396 1874 427 finxissent
1891 395 2051 427 omnibus

137 451 233 484 vitiis
257 450 506 491 erroribusque
530 450 693 482 humanis
717 450 896 489 obnoxios,
922 450 1034 491 ipsum
1060 449 1154 481 nullo
1179 449 1255 480 loco
1281 449 1422 489 coargui
1450 458 1550 490 posse
1575 449 1692 488 animi,
1718 450 1775 489 qui
1797 450 1901 480 rebus
1918 448 2051 480 vitiosis

137 505 342 538 delectetur.
390 503 484 536 Nihil
514 513 593 536 eum
623 504 691 535 illis
715 504 862 543 dialogis
891 504 955 535 sibi
991 503 1211 544 proposuisse
1245 503 1310 534 nisi
1346 507 1382 534 ut
1407 503 1551 534 ridendo
1585 512 1707 534 verum
1738 503 1870 534 diceret
1895 506 1929 534 et
1954 502 2051 542 vitia,

137 559 256 601 qualia
272 567 359 591 vere
383 558 540 598 fuissent,
565 567 645 590 eum
670 558 779 591 multa
805 558 961 589 irrisione
987 557 1183 595 lefsentibus
1205 557 1415 589 ostenderet.
1463 556 1562 597 Quae
1587 557 1669 588 licet
1695 566 1779 588 vera
1805 557 1882 596 sint,
1908 560 1942 588 et
1967 564 2051 588 vere

138 613 315 653 Iacobum,
333 621 404 654 qua
420 615 497 644 erat
510 612 702 644 subtilitate
717 612 843 644 iudicii.
864 611 901 644 L.
920 612 1097 651 ingenium
1109 620 1151 643 ac
1169 620 1283 643 mores
1298 612 1386 642 hene
1401 612 1621 652 perspexisse
1633 611 1826 652 putandum
1845 617 1908 649 est,
1933 617 2052 642 tamen

136 667 219 700 inde
250 666 394 699 minime
429 665 563 698 efficias
592 666 629 698 L.
660 671 720 698 aut
751 670 787 698 ut
817 665 1080 699 Callicratidam
1113 665 1298 697 mulierum
1334 674 1472 697 amores
1502 665 1756 706 improbat-isse
1786 669 1846 696 aut
1876 668 1911 696 ut
1945 663 2052 696 Theo-

137 722 315 753 maestum
339 729 500 761 negasse,
525 720 600 752 fieri
625 729 737 761 posse,
774 724 811 752 ut
836 720 908 752 ulla
933 720 1017 751 viris
1042 728 1121 751 cum
1146 719 1431 751 adulescentibus
1463 719 1626 760 puerisve
1659 719 1872 750 consuetudo
1906 718 2052 750 honesta

137 774 192 808 sit.
238 773 362 806 Nonne
386 776 504 806 autem
529 774 664 815 opinari
690 774 772 805 licet
796 778 976 805 auctorem
1000 773 1074 805 eius
1099 773 1208 805 libelli
1233 773 1502 814 perversitatem
1528 777 1562 804 et
1589 782 1743 805 errorem
1766 782 1895 807 eorum,
1920 771 1990 813 qui,
2015 775 2053 802 ut

138 827 395 867 Callicratidas,
429 827 708 869 philosophicum
739 837 776 859 se
807 832 841 859 et
871 828 1060 860 caelestem
1091 836 1245 859 amorem
1277 836 1382 859 unum
1408 827 1536 859 sectari
1561 827 1730 866 dicerent,
1764 836 1843 858 cum
1869 825 2053 867 cupiditati

138 884 245 924 atque
268 881 404 913 libidini
427 881 587 922 impurae
612 882 752 913 obnoxii
779 887 904 921 essent,
930 882 1104 920 castigare
1130 881 1304 913 voluisse?

243 935 366 976 Neque
390 935 503 975 magis
534 944 577 967 ex
603 945 654 975 eo,
691 935 781 976 quod
807 936 952 975 singulis
976 935 1186 976 quibusdam
1215 935 1319 966 rebus
1346 936 1419 966 Am.
1451 944 1530 967 cum
1560 935 1638 966 aliis
1662 934 1699 966 L.
1729 935 1868 976 scriptis
1892 933 2053 974 genuinis

137 992 346 1031 congruunt,
370 988 409 1020 L.
434 992 616 1021 auctorem
641 989 750 1021 libelli
775 998 852 1021 esse
877 989 1032 1029 colligas.
1080 988 1178 1027 Dico,
1204 989 1295 1029 quod
1321 989 1366 1020 ab
1391 993 1535 1021 auctore
1559 990 1637 1020 Am.
1662 989 1822 1020 similiter
1845 992 1951 1029 atque
1976 997 1997 1019 a
2013 986 2052 1019 L.

137 1043 292 1076 Socratis
315 1051 396 1074 cum
421 1043 604 1074 Alcibiade
635 1043 848 1074 consuetudo
874 1047 909 1074 ut
935 1043 1118 1075 inhonesta
1147 1042 1342 1074 eluditur&
1390 1043 1442 1074 De
1467 1053 1536 1084 qua
1562 1043 1813 1075 consuetudine
1838 1042 1874 1074 L.
1900 1043 1935 1074 in
1960 1041 2052 1073 Vita-

136 1105 216 1130 rum
232 1096 430 1135 auctione³)
448 1097 496 1128 ita
514 1095 694 1128 Socratem
713 1097 825 1137 ipsum
843 1106 880 1128 se
905 1096 1107 1129 illudentem
1134 1097 1235 1128 facit:
1260 1096 1479 1137 Παιόερασ-ιής
1503 1098 1562 1137 εἰμι
1587 1097 1638 1128 καὶ
1663 1097 1764 1138 σοφὸς
1788 1097 1823 1127 τὰ
1847 1097 2051 1137 ἐρωτικά...

137 1151 191 1182 καὶ
219 1150 280 1192 γὰρ
309 1151 348 1182 οὗ
379 1151 539 1191 σωμάτων
563 1151 695 1191 ἐραστής
723 1151 797 1191 ειῗιιι,
827 1151 881 1191 τὴν
906 1151 1012 1191 ψυχὴν
1036 1151 1070 1182 δὲ
1095 1152 1230 1191 ἡγοῦμαι
1254 1152 1361 1191 καλήν.
1409 1152 1523 1191 Ἀμέλει
1547 1153 1608 1182 κᾶν
1633 1151 1694 1182 ὑπὸ
1717 1151 1828 1183 ταύτὸν
1856 1151 1976 1190 ἱμάτιόν
1998 1162 2052 1190 μοι

137 1205 360 1240 κατακέωνται,
398 1205 524 1236 ἀκούσει
559 1205 664 1235 αἰτῶν
696 1205 796 1245 Διιηὸὲν
831 1203 880 1235 ὑπ’
916 1205 994 1244 ἐμοῦ
1027 1205 1150 1235 παθεῖν.
1199 1204 1298 1244 Quae
1329 1204 1509 1237 Socratem
1540 1214 1620 1237 cum
1651 1205 1703 1237 sui
1734 1205 1891 1237 irrisione
1922 1204 2052 1236 dixisse

138 1267 184 1290 ex
212 1267 254 1290 eo
283 1260 442 1299 apparet,
477 1258 583 1298 quod,
619 1267 698 1289 cum
727 1258 766 1293 is,
801 1258 860 1298 qui
889 1257 1084 1299 philosophi
1114 1259 1267 1290 animam
1299 1263 1479 1300 empturus
1509 1263 1577 1297 est.
1610 1259 1654 1291 de
1683 1259 1833 1291 veritate
1865 1258 2053 1290 verborum

137 1312 283 1352 dubitet,
309 1311 471 1344 Socrates
495 1312 548 1343 his
572 1312 702 1346 verbis,
734 1312 766 1343 in
792 1312 918 1352 quibus
943 1321 1010 1343 non
1035 1312 1147 1343 minor
1171 1312 1280 1344 ironia
1306 1312 1588 1354 deprehenditur,
1614 1322 1657 1345 ea
1681 1313 1881 1345 confirmat:
1914 1313 1966 1343 καὶ
1989 1311 2054 1352 μὴν

138 1366 250 1408 ὀμνύω
267 1367 302 1407 γέ
317 1378 365 1398 σοι
381 1366 435 1397 τὸν
450 1366 530 1397 κύνα
553 1366 605 1397 καὶ
629 1366 684 1406 τὴν
707 1367 863 1397 πλάτανον
887 1367 970 1397 οὕτω
994 1369 1087 1397 ταῦτα
1112 1367 1200 1406 ἔχειν,
1226 1370 1259 1397 Οἳ
1285 1370 1459 1407 postremo
1484 1367 1543 1406 illi,
1568 1367 1651 1408 quid
1676 1367 1707 1398 ei
1733 1367 1776 1398 de
1800 1366 1917 1408 pueris
1941 1366 2053 1398 forma

137 1419 284 1452 iuvenili
307 1419 511 1451 florentibus
539 1420 714 1453 videatur.
748 1420 968 1460 percontanti
993 1420 1196 1460 respondet:
1232 1421 1283 1451 καὶ
1308 1419 1392 1451 οὗτοι
1417 1422 1535 1452 ἔσονται
1560 1425 1623 1456 τοῖς
1646 1422 1781 1461 ἀρίστοις
1804 1421 1904 1451 ἆθλον
1927 1421 2053 1461 φιλῆσαι

137 1473 285 1516 λαμπρόν
299 1486 325 1505 τι
337 1474 390 1505 καὶ
405 1473 546 1505 νεανικὸν
557 1475 788 1514 ἐργασαμένοις.
814 1473 900 1505 Cum
918 1473 983 1505 hoc
1002 1473 1077 1505 loco
1095 1473 1154 1505 illa
1172 1473 1325 1505 Socratis
1343 1475 1376 1506 in
1395 1474 1474 1506 Ver.
1493 1475 1604 1506 histstr
1624 1475 1736 1506 irrisio
1754 1474 1938 1506 consentit.
1984 1473 2054 1505 Ubi

137 1526 177 1559 L.
201 1529 334 1567 narrat,
359 1536 439 1559 cum
465 1527 500 1558 in
513 1527 632 1567 Elysio
657 1527 690 1558 in
716 1527 965 1566 Hyacinthum.
991 1527 1203 1560 Narcissum.
1230 1527 1358 1567 Hylam
1385 1529 1437 1559 καὶ
1462 1529 1575 1563 ἄλλους
1597 1529 1732 1563 πολλοὺς
1755 1529 1807 1559 καὶ
1831 1528 1948 1562 καλοὺς
1972 1527 2054 1559 inci-

139 1580 258 1622 disset,
294 1581 502 1622 quibuscum
528 1581 636 1612 ceteri
663 1590 783 1612 omnes
808 1581 885 1621 ‹ivaq
896 1581 993 1612 (ιι-ὁὸν
1016 1582 1143 1612 πάντων
1167 1582 1319 1621 ὁρώιτων
1343 1582 1630 1614 consuetudinem
1655 1582 1837 1615 haberent,
1872 1580 2053 1614 Socratem

137 1634 311 1666 iuravisse
342 1635 360 1676 ἥ
391 1635 455 1676 μὴν
484 1636 641 1674 καθαρῶς
671 1635 847 1675 πλησιάζειν
876 1638 938 1669 τοῖς
971 1636 1062 1669 νέοις,
1097 1644 1217 1666 omnes
1250 1640 1367 1667 autem
1402 1636 1543 1676 periurii
1579 1645 1658 1668 eum
1692 1635 1962 1667 insimulavisse.
2012 1634 2053 1666 In

139 1688 338 1729 GonViVi05)
376 1688 438 1720 Ion
473 1688 695 1720 commendat
725 1689 935 1728 πειθομένους
967 1688 1110 1719 [lidron-1
1141 1689 1192 1720 καὶ
1224 1689 1388 1729 Σωκράτει
1418 1691 1640 1730 πτιιὸεραστεῖν.
1694 1689 1791 1721 Idem
1826 1689 1976 1721 efficitur
2008 1697 2053 1720 ex

139 1741 391 1781 Dial.Mort.⁸).
438 1742 562 1782 Itaque
587 1751 802 1782 quamquam
827 1751 999 1773 summum
1025 1742 1120 1774 illum
1147 1743 1260 1774 virum
1286 1742 1322 1774 L.
1348 1743 1393 1774 ab
1419 1744 1496 1775 aliis
1527 1743 1641 1782 rebus,
1667 1753 1758 1785 quae
1783 1743 1867 1774 vitio
1892 1743 1923 1774 ei
1948 1742 2053 1774 datae

138 1797 251 1836 erant,
275 1796 374 1828 velut
398 1796 443 1828 ab
468 1796 649 1837 impietate
674 1796 708 1827 in
734 1796 850 1827 (10οεῦ
877 1796 932 1827 vel
960 1796 1176 1828 timiditate-²·
1203 1797 1359 1828 vindicat
1385 1802 1429 1836 et,
1455 1797 1545 1838 quod
1570 1798 1696 1829 iniuste
1721 1797 1975 1828 condemnatus
1998 1796 2053 1836 sit,

137 1849 326 1882 miseratur
333 1850 367 1888 ⁹),
390 1850 496 1881 etiam
511 1849 636 1881 merita
651 1849 724 1881 eius
739 1849 772 1880 in
787 1849 1040 1890 philosophiam
1056 1850 1213 1889 agnoscit
1226 1852 1274 1889 Μ’),
1300 1851 1409 1882 amori
1429 1851 1477 1882 illi
1491 1851 1670 1882 inhonesto
1686 1851 1840 1882 deditum
1854 1859 1934 1882 eum
1947 1850 2053 1882 fuisse

138 1911 347 1944 persuasum
364 1903 481 1935 habet.
531 1902 598 1934 Sed
616 1912 659 1934 ea
684 1903 718 1934 in
743 1912 781 1934 re
807 1907 842 1934 ut
868 1903 902 1934 L.
928 1903 975 1934 ita
1000 1907 1124 1935 auctor
1137 1905 1212 1935 Am.
1239 1904 1421 1943 vulgarem
1452 1905 1680 1945 posteriorum
1707 1908 1901 1945 temporum
1925 1903 2054 1945 opinio-

137 1965 220 1988 nem
249 1957 464 1998 sequitur11),
499 1957 632 1997 pariter
661 1960 767 1997 atque
797 1957 830 1988 in
857 1957 908 1991 iis,
942 1966 1032 1997 quae
1057 1956 1094 1988 L.
1120 1957 1162 1988 de
1189 1957 1280 1988 Iovis
1305 1967 1384 1989 eum
1411 1958 1617 1997 Ganymede
1643 1958 1882 1990 familiaritate
1906 1957 2053 1997 liidit12),

139 2009 183 2042 de
207 2019 276 2051 quo
300 2010 383 2042 item
397 2010 474 2042 Am.
489 2019 568 2041 cum
585 2010 621 2041 L.
636 2010 867 2041 consentiunt.
916 2010 1011 2042 Idem
1037 2011 1079 2042 de
1105 2020 1145 2041 eo
1171 2011 1395 2042 iudicandum
1421 2019 1483 2043 est.
1509 2012 1600 2052 quod
1625 2012 1771 2043 Achillis
1788 2020 1868 2043 cum
1892 2010 2054 2043 Patroclo

139 2065 175 2095 et
191 2061 338 2096 Orestae
363 2072 443 2095 cum
461 2063 593 2104 Pylade
619 2063 875 2095 fiuniliaritates
899 2073 921 2094 a
937 2063 1169 2095 Theomnesto
1196 2064 1228 2095 in
1248 2065 1323 2096 Am.
1349 2065 1564 2096 detrectatas
1588 2070 1694 2106 atque
1719 2065 1866 2097 obtritas
1883 2065 2053 2099 videmus,

139 2125 353 2158 quamquam
377 2116 427 2154 L„
460 2117 585 2158 quibus
610 2117 695 2148 locis
720 2126 840 2148 earum
866 2117 1076 2149 mentionem
1103 2118 1197 2157 facit,
1228 2124 1263 2149 ut
1291 2127 1396 2150 verae
1422 2124 1528 2159 atque
1554 2119 1712 2159 integrae
1737 2118 1914 2151 amicitiae
1938 2127 2053 2151 exem-

138 2169 253 2211 plaria
277 2170 456 2210 laudat¹³).

245 2223 367 2264 Neque
401 2233 486 2255 vero
520 2224 608 2264 ideo,
642 2224 733 2264 quod
767 2223 802 2255 in
827 2224 901 2255 Am.
936 2224 1161 2265 spurcissima
1195 2225 1368 2265 quaedam
1403 2233 1509 2266 atque
1545 2226 1807 2266 obscenissima,
1841 2226 1994 2258 maxime
2019 2225 2053 2257 in

246 2365 267 2396 ¹)
287 2374 314 2400 p.
337 2365 386 2392 169
407 2373 490 2400 sequ.
562 2365 584 2392 2)
605 2366 669 2392 Am.
691 2375 713 2393 c.
734 2367 767 2393 24
788 2372 815 2393 et
835 2367 877 2393 54.
951 2366 972 2397 ³)
993 2377 1016 2393 c.
1040 2367 1079 2393 15.
1152 2367 1172 2391 *ι
1194 2376 1217 2393 c.
1241 2368 1280 2393 17.
1354 2367 1375 2391 ⁵5
1396 2377 1419 2393 c.
1440 2368 1482 2395 39.
1556 2368 1576 2397 θ)
1597 2368 1632 2394 ‘20
1654 2377 1678 2395 c.
1699 2367 1818 2403 52:⁷⁴⁷)
1839 2367 1975 2396 Caluum.
1995 2376 2054 2395 non

140 2413 208 2437 tem.
229 2410 308 2436 cred.
329 2418 353 2437 c.
373 2410 416 2437 ⁴29.
516 2410 538 2443 ⁸)
560 2411 626 2438 Ver.
647 2412 711 2438 hist.
733 2411 768 2443 11,
789 2412 830 2438 23.
932 2412 953 2438 ⁹)
975 2412 1131 2439 Deinonax
1153 2421 1176 2438 c.
1196 2413 1238 2439 6-2.
1342 2412 1373 2440 ¹⁰⁴1
1394 2413 1492 2439 souin.
1513 2422 1536 2439 c.
1559 2415 1598 2440 12¹.
1706 2412 1738 2442 ¹¹)
1760 2413 2054 2445 Bekker—Hermann,

140 2453 293 2482 Charicles
313 2456 370 2488 (ed.
391 2455 430 2486 ΙΙ)
451 2455 478 2481 11
499 2464 526 2490 p.
546 2455 606 2482 225.
707 2455 740 2483 Β)
763 2457 837 2483 nial.
860 2457 948 2483 err.
967 2457 983 2483 4
1001 2462 1028 2483 et
1044 2457 1069 2485 τ’),
1090 2465 1113 2482 c.
1131 2457 1155 2483 3.
1259 2456 1289 2478 ¹³*
1310 2457 1385 2484 Tox.
1406 2466 1429 2484 c.
1447 2459 1526 2486 1—82
1547 2457 1583 2484 de
1604 2458 1691 2484 domo
1712 2458 1759 2488 223:
1780 2457 1854 2484 Tox.
1875 2466 1899 2484 c.
1915 2459 1955 2484 10.
1976 2457 2054 2484 Ludi

139 2500 240 2535 gratia
260 2500 396 2535 adiungo
411 2501 440 2527 in
456 2500 600 2533 Parasito,
621 2501 766 2536 opusculo
787 2501 957 2532 subditicio,
979 2502 1006 2528 id
1028 2502 1109 2536 quod
1130 2510 1227 2536 nuper
1247 2501 1343 2529 Bieler
1357 2503 1456 2529 evicit.
1477 2503 1646 2529 Patroclum
1661 2501 1793 2537 AelnillisJ
1802 2503 1966 2537 parasitum
1980 2511 2054 2530 esse.
