2125 2672
125 226 317 270 legentium
347 227 561 269 permittere,
595 226 677 268 quid
709 235 772 268 pro
802 233 889 257 vera
917 225 1096 266 scriptoris
1126 224 1300 256 sententia
1331 224 1472 264 habere,
1507 225 1588 265 quid
1621 229 1657 256 ut
1688 225 1818 257 ironice
1847 225 1979 258 dictum
2003 226 2038 257 in

125 281 341 314 munatium
364 280 569 321 intellegere
594 280 728 312 malint.
776 279 1001 312 Collocuntur
1024 278 1130 319 igitur
1153 279 1187 309 in
1213 278 1358 318 singulis
1384 278 1450 309 illis
1475 279 1621 318 dialogis
1647 289 1755 320 usque
1782 279 1862 314 bini.
1891 288 2038 320 quorum

124 334 217 367 alter
232 336 286 366 est
301 333 466 375 Lycium,
491 334 582 365 alter
597 334 732 365 amicus
749 336 868 365 certae
893 332 1033 364 cuidam
1053 332 1221 363 stultitiae
1238 332 1418 371 obnoxius,
1445 341 1547 372 quein
1567 331 1650 371 Lyv.
1676 333 1802 364 erroris
1827 333 2038 364 convincere

124 387 251 420 studet.
297 387 350 420 Ne
373 387 498 428 longus
522 387 598 426 sim,
633 387 661 418 si
686 387 752 419 hoc
783 387 831 418 ita
861 395 925 427 per
952 395 1073 417 omnes
1098 386 1174 417 illos
1203 385 1360 425 dialogos
1386 385 1458 416 fieri
1484 385 1724 417 demonstrare
1753 387 1867 426 velim,
1902 387 1945 418 de
1970 395 2038 417 uno

124 441 341 474 Hermotimo
356 441 480 482 paucis
498 441 531 472 id
556 441 786 481 comprobare
811 440 896 471 satis
921 439 1044 472 liabeo.
1092 439 1204 479 Atque
1230 439 1264 470 in
1289 448 1330 469 eo
1355 439 1443 470 libro
1461 438 1705 477 Hermotimus,
1731 450 1751 470 a
1776 440 1875 470 cuius
1900 440 2038 471 nomine

125 495 264 527 titulum
287 494 438 535 aceepit,
469 503 604 526 summa
629 503 710 526 cum
735 493 950 533 assiduitate,
981 493 1206 531 continentia,
1236 492 1393 524 dolorum
1418 492 1646 532 laborumque
1672 493 1929 533 contemptione
1954 492 2039 524 Stoi-

125 557 246 581 corum
278 547 376 580 illam
409 548 576 579 virtutem
609 548 770 579 omnibus
803 546 957 578 numeris
991 547 1184 587 perfectam
1219 546 1276 577 diu
1311 550 1465 577 sectatus
1499 550 1562 577 est.
1616 545 1727 585 Quem
1760 546 1844 586 Lyc.
1878 556 2039 578 sermone

124 601 293 642 instituto,
325 601 362 633 in
390 610 458 642 quo
489 604 524 633 et
553 610 691 632 summa
718 601 887 632 alacritas
911 604 945 631 et
971 600 1129 631 hilaritas
1154 600 1243 631 inest
1269 609 1382 640 neque
1407 600 1545 631 facetiis
1569 604 1630 631 aut
1654 600 1804 631 irrisioni
1831 600 1888 631 ille
1913 600 2038 641 parcit,

124 664 340 698 quamquam
372 655 547 687 interdum
580 655 738 696 graviter
768 663 875 695 agere
910 663 977 685 non
1012 658 1164 693 veretur,
1199 653 1333 691 edocet,
1367 662 1473 694 quam
1504 653 1621 684 multis
1651 654 1827 684 erroribus
1857 654 1891 684 in
1916 653 2039 685 studiis

123 698 319 752 sapientiae
349 709 520 740 obnoxius
552 709 670 747 fuerit;
705 709 823 749 itaque
855 708 886 739 ei
918 707 1105 748 persuadet
1139 707 1269 738 frustra
1294 710 1429 738 tantum
1454 715 1594 747 operae,
1628 710 1764 738 tantum
1790 707 1963 747 pecuniae
1987 707 2038 738 rei

123 763 222 795 inani
241 763 456 804 insumptum
480 772 568 803 esse,
594 766 631 794 ut
655 767 830 804 postremo
855 762 955 803 quasi
980 761 1163 802 crapulam
1188 760 1416 792 edormivisse
1441 760 1506 791 sibi
1531 760 1704 791 videatur.
1752 760 1805 791 Ita
1826 760 1922 801 Lyc„
1947 761 2039 802 quod

124 817 192 849 sibi
220 817 410 858 proposuit,
444 820 482 848 ut
510 817 691 848 evinceret
722 825 843 847 omnes
872 815 1095 856 philosophos
1126 818 1306 854 tamquam
1338 814 1380 845 de
1406 814 1531 845 umbra
1555 814 1645 845 asini
1670 820 1807 845 certare
1832 823 1946 855 neque
1971 815 2040 846 vir-

123 872 235 902 tutem
258 870 447 911 singularis
483 870 665 902 cuiusdam
700 869 985 910 philosophorum
1019 872 1138 900 sectae
1172 868 1372 909 praeceptis
1409 868 1595 907 contineri,
1630 867 1692 899 sed
1731 868 1766 898 in
1796 868 1974 909 sapienter
2004 872 2039 900 et

125 924 262 957 fortiter
295 924 433 965 agendo
466 924 614 964 positam
650 933 736 963 esse,
766 924 865 961 ¹bene
899 923 945 954 ad
978 922 1082 954 finem
1112 922 1283 963 perducit.
1335 922 1452 952 &imile
1483 921 1607 961 Lycini
1637 922 1818 953 consilium
1848 922 1882 952 in
1913 922 2041 953 ceteris

125 978 274 1018 dialogis
297 981 456 1019 apparet,
482 981 588 1018 atque
613 977 716 1008 simili
740 977 875 1008 ratione
900 976 1113 1017 propositum
1132 975 1285 1015 Lycinus
1310 975 1446 1016 peragit
1471 980 1506 1006 et
1530 975 1738 1016 assequitur,
1764 980 1800 1006 ut
1825 976 1863 1015 is,
1889 985 2040 1016 quocum

125 1031 336 1072 colloquium
359 1031 477 1071 habet,
503 1034 678 1072 postremo
702 1030 945 1071 perversitatis
969 1039 1053 1061 suae
1078 1032 1301 1068 coarguatur.

230 1085 308 1117 Iam
332 1085 588 1126 explorandum
618 1093 695 1116 esse
721 1084 870 1125 videtur,
904 1093 986 1115 num
1012 1086 1146 1115 certum
1171 1083 1354 1114 consilium
1379 1083 1413 1114 in
1438 1083 1515 1114 Am.
1540 1092 1679 1124 quoque
1702 1082 1858 1123 Lycinus
1882 1083 2040 1115 similiter

125 1141 303 1181 sequatur,
327 1142 366 1170 ut
389 1139 659 1180 perversitatem
684 1138 837 1179 aliquam
864 1138 1054 1169 humanam
1079 1137 1212 1176 illudat,
1238 1142 1273 1168 et
1297 1137 1427 1168 similes
1451 1141 1570 1177 partes
1594 1137 1697 1168 simili
1721 1137 1856 1168 ratione
1874 1140 1980 1177 atque
2005 1137 2039 1168 in

125 1193 254 1225 ceteris
269 1191 394 1233 Lycini
411 1193 558 1233 dialogis
575 1197 733 1233 peragat.
758 1193 872 1232 Atque
890 1191 1039 1232 primum
1057 1191 1197 1231 quidem
1215 1191 1371 1222 breviter
1387 1194 1633 1230 argumentum
1651 1190 1759 1222 libelli
1777 1191 2039 1231 perlustremus.

125 1245 282 1288 Lycinus
299 1245 571 1278 Theomnestum
596 1246 759 1285 amicum,
785 1250 821 1276 ut
846 1254 867 1276 a
893 1245 992 1276 seriis
1017 1244 1164 1285 negotiis
1189 1244 1377 1284 reficiatur,
1402 1245 1503 1285 plina
1529 1244 1571 1276 de
1596 1245 1774 1276 amoribus
1798 1245 1869 1275 suis
1894 1253 2040 1276 narrare

124 1300 238 1340 iubet;
262 1309 333 1341 qua
349 1309 387 1332 re
405 1300 532 1331 festum
548 1299 710 1331 Herculis
735 1299 826 1330 diem
851 1299 1030 1340 aptissime
1055 1298 1238 1330 celebrari.
1286 1298 1348 1329 Ille
1372 1304 1557 1338 gravatum
1582 1299 1696 1339 potius
1719 1298 1832 1339 ipsum
1858 1302 1894 1330 ut
1919 1299 2041 1330 utrius-

125 1363 195 1396 que
217 1354 358 1394 generis
381 1363 540 1386 amorum
565 1357 747 1394 expertem
756 1356 780 1391 ²)
805 1353 998 1384 diiudicare
1015 1356 1186 1394 oportere,
1212 1357 1289 1383 uter
1312 1361 1419 1384 amor.
1445 1361 1632 1392 puerorum
1657 1361 1703 1383 an
1720 1352 1915 1392 mulierum,
1939 1361 2040 1393 prae·

123 1408 290 1441 ferendus
313 1409 366 1440 sit.
412 1407 568 1448 Lycinus
591 1412 721 1447 autem,
756 1416 799 1438 ne
825 1406 1101 1438 controversiam
1126 1406 1255 1437 seriam
1281 1406 1403 1446 paucis
1427 1405 1610 1446 disceptet,
1644 1405 1688 1437 de
1713 1406 1883 1446 colloquio
1908 1410 2040 1446 narrat,

123 1461 216 1503 quod
247 1470 361 1503 nuper
393 1470 514 1493 coram
548 1462 622 1502 ipso
653 1461 720 1491 duo
754 1460 859 1491 amici
893 1460 935 1491 de
970 1460 1094 1491 eadem
1127 1468 1165 1491 re
1200 1459 1398 1490 habuerint.
1445 1459 1516 1490 Iter
1540 1459 1729 1491 facientem
1758 1469 1794 1491 se
1820 1460 1864 1491 ad
1889 1460 2039 1492 insulam

121 1515 282 1548 Rhodum
310 1515 503 1556 appulisse;
538 1515 597 1546 ubi
627 1515 692 1546 sibi
721 1514 916 1546 occurrisse
945 1514 1077 1545 amieos
1107 1513 1305 1545 Chariclen]
1335 1512 1551 1545 Corinthium
1583 1519 1617 1544 et
1647 1513 1912 1546 Callicratidam
1935 1513 2040 1545 Athe-

121 1569 292 1610 niensem,
326 1570 424 1601 illum
452 1569 648 1609 mulierum,
682 1568 775 1600 hune
804 1577 991 1609 puerorum
1015 1572 1220 1607 amatorem,
1255 1572 1288 1599 et
1314 1567 1378 1608 ipsi
1403 1576 1440 1598 se
1465 1567 1679 1599 adiunxisse.
1726 1567 1863 1599 Deinde
1888 1576 1969 1599 eum
1993 1567 2039 1599 ad

123 1622 273 1656 Cnidum
296 1623 525 1664 appulissent,
560 1628 595 1653 nt
620 1622 789 1663 templum
820 1621 967 1653 Veneris
1000 1621 1252 1653 nobilissimum
1289 1626 1395 1662 atque
1429 1621 1656 1652 simulacrum
1690 1621 1778 1653 deae
1809 1631 1830 1653 a
1861 1621 2039 1653 Praxitele

122 1685 259 1710 summo
287 1686 394 1719 opere
417 1677 613 1718 perfectum
638 1679 850 1717 spectarent,
884 1675 1125 1716 spectantibus
1156 1675 1332 1706 aedituum
1362 1675 1405 1706 de
1435 1674 1672 1706 adulescentis
1701 1675 1885 1706 cuiusdam
1916 1675 2040 1706 insano

122 1730 327 1772 ineestoque
355 1731 448 1762 illius
478 1731 568 1771 signi
597 1739 717 1762 amore
746 1734 852 1770 atque
883 1729 1013 1761 infelici
1043 1729 1138 1761 exitu
1164 1738 1338 1760 narrasse.
1387 1728 1487 1760 Unde
1512 1729 1705 1760 certamine
1734 1729 1824 1760 inter
1849 1729 1928 1760 illos
1953 1734 2038 1766 orto,

122 1786 324 1823 uter-amor
345 1785 456 1826 pluris
488 1784 672 1816 habendus
705 1789 812 1823 esset,
847 1793 884 1815 se
913 1783 1080 1822 suasisse,
1115 1787 1152 1814 ut
1182 1783 1256 1824 ipso
1286 1783 1418 1814 arbitro
1451 1783 1501 1813 usi
1539 1791 1602 1823 per
1636 1783 1932 1823 compotationem
1962 1783 2038 1815 loeo

122 1847 270 1871 amoeno
294 1838 385 1870 alter
407 1840 485 1880 post
509 1838 669 1877 alterum,
694 1846 785 1878 quae
810 1837 875 1868 sibi
901 1837 1114 1877 viderentur,
1140 1837 1248 1868 fusius
1265 1837 1495 1877 disputarent.
1543 1836 1698 1868 Priorem
1717 1837 1821 1876 igitur
1838 1835 2038 1868 Chariclem

122 1901 186 1934 pro
218 1892 405 1924 mulierum
438 1901 557 1923 amore
591 1894 630 1923 ut
662 1891 707 1922 ad
740 1900 858 1922 rerum
891 1896 1053 1922 naturam
1087 1890 1353 1923 accommodato
1387 1899 1516 1931 magna
1541 1899 1622 1922 cum
1647 1891 1869 1922 contentione
1894 1891 2039 1930 dixisse,

230 2035 251 2069 ¹)
272 2035 400 2062 Dubitat
419 2035 547 2063 sortasse.
568 2035 716 2070 quispiam
737 2035 766 2061 in
788 2034 840 2061 hoc
861 2042 975 2069 genere
995 2034 1032 2062 de
1054 2034 1248 2069 Imaginibus.
1288 2034 1346 2061 Eas
1372 2041 1472 2061 tamen
1502 2033 1590 2061 velim
1615 2034 1788 2061 existimare
1818 2033 1905 2068 quasi
1935 2041 2039 2069 prooe-

122 2081 215 2108 mium
238 2087 305 2108 esse
328 2081 396 2107 libri
424 2080 480 2107 “de
501 2080 714 2114 Imaginibus”,
735 2087 865 2113 quocum
894 2085 958 2106 arte
983 2080 1156 2107 cohaerent.
1184 2086 1216 2106 ut
1242 2081 1323 2114 ipsas
1347 2088 1401 2114 per
1427 2089 1459 2106 se
1479 2086 1616 2115 spectare
1645 2085 1737 2113 atque
1760 2079 1953 2106 considerare
1978 2087 2038 2105 non

120 2125 218 2153 liceat.
257 2125 291 2152 In
312 2126 388 2152 libro
403 2129 504 2152 autem
517 2125 574 2152 “de
589 2125 702 2159 Imag.’'
721 2124 792 2159 Lyc.
814 2125 843 2151 id
863 2126 935 2159 agit,
957 2129 989 2151 ut
1009 2126 1204 2160 opprobrium
1227 2126 1371 2159 indignae
1395 2126 1607 2152 assentationis
1627 2132 1665 2151 ex
1687 2125 1760 2150 libro
1782 2124 1951 2159 lmaginum
1971 2133 2040 2151 con-

122 2170 227 2198 flatum
248 2171 351 2197 diluat.
389 2170 435 2196 Ex
455 2171 714 2204 vituperatoribus
733 2175 835 2196 autem
855 2177 922 2196 cum
944 2170 1138 2204 Polystratus.
1166 2178 1294 2205 quocum
1318 2171 1507 2204 colloquitur,
1530 2171 1592 2204 ipse
1613 2171 1658 2195 sit.
1678 2170 1790 2204 quippe
1811 2170 1864 2203 qui
1883 2169 2038 2196 Panthem-

123 2215 264 2251 querelas
282 2223 353 2242 suas
374 2215 478 2242 fecerit
498 2219 532 2245 (c.
555 2214 606 2247 12),
634 2223 756 2249 operam
777 2215 837 2246 dat,
865 2219 898 2241 ut
919 2215 997 2242 hunc
1019 2224 1180 2249 perversae
1202 2216 1352 2249 opinionis
1372 2219 1527 2250 coarguat.
1567 2214 1653 2246 Quod
1674 2221 1847 2241 assecutum
1867 2222 1932 2241 esse
1954 2214 2039 2248 Lyci-

122 2267 196 2287 num
215 2264 352 2287 extrema
371 2268 441 2295 pars
462 2259 602 2294 colloquii
623 2260 724 2291 docet3
750 2260 935 2293 Polystratus
956 2261 1043 2292 enim,
1064 2262 1118 2286 etsi
1139 2269 1201 2286 non
1219 2261 1308 2287 certis
1329 2261 1429 2287 verbis
1450 2269 1480 2287 se
1501 2267 1618 2286 errasse
1639 2260 1806 2290 confitetur,
1832 2263 1941 2292 tamen,
1970 2267 2037 2286 cum

122 2307 262 2340 puratum
284 2313 316 2332 se
336 2313 401 2331 esse
421 2305 510 2337 dicat,
531 2312 610 2338 quae
629 2305 767 2337 audierit⁷
788 2304 825 2330 ad
838 2304 1000 2331 Pantheum
1022 2305 1148 2337 deferre,
1170 2305 1295 2331 dubium
1316 2313 1374 2331 nnn
1395 2311 1448 2337 est,
1469 2306 1541 2339 quin
1562 2304 1643 2331 haud
1660 2304 1852 2331 mediocriter
1871 2310 2039 2331 commotus
2065 2320 2072 2326 -

121 2350 169 2376 sit.
207 2349 303 2376 Etiam
323 2357 378 2384 per
397 2353 492 2376 totum
512 2350 592 2376 huuc
612 2350 720 2376 librum
741 2351 882 2376 virtutem
903 2350 982 2375 illam
1002 2357 1148 2376 summam
1169 2351 1227 2376 stili
1247 2350 1402 2383 Lucianei,
1423 2351 1548 2385 lepores,
1575 2350 1709 2377 facetias.
1734 2350 1896 2382 irrisiones,
1926 2349 2038 2384 disper-

122 2401 187 2422 sam
206 2402 272 2422 esse
291 2394 386 2422 verbo
405 2402 528 2422 mouere
547 2395 619 2421 satis
639 2395 746 2422 habeo.
845 2394 867 2428 ²)
888 2395 974 2426 Quod
987 2394 1056 2429 Lyc.
1075 2395 1121 2422 inc
1142 2396 1300 2430 utriusque
1320 2397 1443 2430 generis
1463 2402 1599 2422 amorum
1619 2403 1728 2430 expers
1749 2394 1825 2428 (Am.
1836 2395 1900 2427 eni)
1920 2395 2039 2427 dicitur,

121 2447 183 2468 non
202 2441 344 2468 convenit
362 2447 431 2468 eum
449 2439 544 2476 Imag.
565 2449 589 2468 e.
604 2441 628 2475 1,
648 2440 701 2468 ubi
716 2440 904 2476 Polystratus
918 2440 1066 2476 Lyciuum
1086 2440 1325 2468 adulescentium
1345 2448 1510 2470 amatorem
1530 2451 1595 2471 esse
1616 2443 1780 2477 praedit-at.
1820 2442 1935 2476 ltaque.
1956 2442 2038 2476 quod

123 2487 245 2519 Schmin
263 2489 450 2527 (Philologus
469 2490 505 2517 50
522 2499 550 2526 p.
570 2489 633 2524 303)
654 2498 692 2518 ex
713 2498 748 2518 eo
769 2489 876 2523 effecit,
897 2488 944 2516 vel
965 2488 1034 2515 ideo
1054 2489 1144 2515 inam·
1166 2496 1231 2516 esse
1253 2489 1380 2517 videtur.
